@Book{Lupton:Thinking_with_type,
author = "Lupton, E.",
title = "Thinking with Type",
publisher = "Princeton Architectural Press",
year = "2010",
edition = "1",
address = "New York",
isbn = "9781568989693",
}
@Book{Ambrose:Typografie,
author = "Ambrose, G. and Harris, P.",
title = "Typografie",
publisher = "Computer Press",
year = "2010",
address = "Brno",
isbn = "9788025129678",
}
@Book{Saltz:Zaklady_typografie,
author = "Saltz, I.",
title = "Základy typografie",
publisher = "Slovart",
year = "2010",
address = "Praha",
isbn = "9788073914042",
}
@BachelorThesis{Jirasek:bakalarka,
author = "Jirásek, M.",
title = "Možnosti a~limity webové typografie",
school = "Masarykova univerzita",
address = "Brno",
year = "2016",
}
@Misc{Olsak:Typografie_co_to_je,
author = "Olšák, P",
title = "Typografie, co to je?",
howpublished = "online",
revised = "Poslední změna 11. února 2014",
cited = "2016-04-8",
url = "http://petr.olsak.net/typo/typoslidy-v2.pdf",
}
@BachelorThesis{Culakova:bakalarka,
author = "Culáková, J",
title = "Vizuální informační systém pro mateřskou školu",
school = "Masarykova univerzita",
address = "Brno",
year = "2012",
}
@Book{Samara:Graficky_design,
author = "Samara, T",
title = "Grafický design",
publisher = "Slovart",
year = "2008",
address = "Praha",
isbn = "978--80--7391--030--3",
}
@Misc{Martinek:Latexove_speciality,
author = "Martinek, David",
title = "{{\LaTeX}}ové speciality",
howpublished = "online",
revised = "Poslední změna 25. února 2010",
cited = "2016-04-09",
url = "http://www.fit.vutbr.cz/{{\verb|~|}}martinek/latex/index.html",
}
@Misc{Mittelbach:An_Introduction_to_Latex,
author = "Mittelbach, F.",
title = "An Introduction to {\LaTeX}",
howpublished = "online",
revised = "Poslední změna 25. dubna 2015",
cited = "2016-04-10",
url = "http://www.latex-project.org/intro.html"
}
@InProceedings{Syropoulos:Zbornik,
author = "Syropoulos, A. and Berry, K. and others",
title = "Tex, XML, and Digital Typography",
booktitle = "International Conference on TeX, XML, and Digital Typography Held Jointly with the 25th Annual Meeting of the TeX User Group",
address = "Berlin",
publisher = "Springer--Verlag",
year = "2004",
isbn = "3--540--22801--2",
}
@Article{Vesely:Exkurze_do_taju,
author = "Veselý, J",
title = "Malá exkurze do tajů typografie",
journal = "Zpravodaj Československého sdružení uživatelů {{\TeX}}u",
year = "1993",
number = "2",
pages = "57--66",
issn ="1211--6661",
}
@Article{Durst:Vytvareni_rejstriku,
author = "Durst, L",
title = "Vytváření rejstříků: Část 1",
journal = "Zpravodaj Československého sdružení uživatelů {{\TeX}}u",
year = "1991",
number = "4",
pages = "30--37",
issn ="1211--6661",
}